<?xml version="1.0" encoding="UTF-8"?><collection xmlns="http://www.loc.gov/MARC21/slim"><record><leader>00376nam--2200121-i-4500</leader><controlfield tag="001">000018191</controlfield><controlfield tag="002">20161230</controlfield><controlfield tag="005">20161230201032</controlfield><controlfield tag="008">060222s1000------------r-----000-0-eng-d</controlfield><datafield ind1=" " ind2=" " tag="080"><subfield code="a">621.963.83.004.14</subfield></datafield><datafield ind1=" " ind2=" " tag="245"><subfield code="a">Conditii tehnice pentru folosirea si intretinerea statiei electrice de taiat otel beton, model se-40</subfield></datafield><datafield ind1=" " ind2=" " tag="260"><subfield code="a">Bucuresti, Editura Tehnica, 1957. 19 P</subfield></datafield><datafield ind1=" " ind2=" " tag="852"><subfield code="a">5287</subfield></datafield></record></collection>